<?xml version="1.0" encoding="UTF-8"?><collection xmlns="http://www.loc.gov/MARC21/slim"><record><leader>00379nam--2200133-i-4500</leader><controlfield tag="001">000034378</controlfield><controlfield tag="002">20161230</controlfield><controlfield tag="005">20161230201040</controlfield><controlfield tag="008">060222s1000------------r-----000-0-eng-d</controlfield><datafield ind1=" " ind2=" " tag="080"><subfield code="a">546</subfield></datafield><datafield ind1=" " ind2=" " tag="245"><subfield code="a">Nomenclature of inorganic chemistry. second edition</subfield></datafield><datafield ind1=" " ind2=" " tag="260"><subfield code="a">London, Butterworths, 1971, Xi + 110p</subfield></datafield><datafield ind1=" " ind2=" " tag="490"><subfield code="a">International Union Of Pure And Applied Chemistry</subfield></datafield><datafield ind1=" " ind2=" " tag="852"><subfield code="a">42040</subfield></datafield></record></collection>